<record><leader>00000cas a22000007a 4500</leader><controlfield tag="001">13513354</controlfield><controlfield tag="008">860430d19161916iauwr ne      0    0eng d</controlfield><datafield ind1=" " ind2=" " tag="010"><subfield code="a">sn 86060076 </subfield></datafield><datafield ind1=" " ind2=" " tag="040"><subfield code="a">INP</subfield><subfield code="b">eng</subfield><subfield code="c">INP</subfield><subfield code="d">OCLCQ</subfield></datafield><datafield ind1=" " ind2=" " tag="042"><subfield code="a">msc</subfield></datafield><datafield ind1="0" ind2="4" tag="245"><subfield code="a">The Creston weekly advertiser gazette and American.</subfield></datafield><datafield ind1="3" ind2="0" tag="246"><subfield code="a">Creston weekly advertiser</subfield></datafield><datafield ind1="1" ind2="3" tag="246"><subfield code="a">Weekly advertiser and gazette and American</subfield></datafield><datafield ind1=" " ind2=" " tag="260"><subfield code="a">Creston, Iowa :</subfield><subfield code="b">Advertiser-Gazette Co.,</subfield><subfield code="c">1916.</subfield></datafield><datafield ind1=" " ind2=" " tag="300"><subfield code="a">2 v. :</subfield><subfield code="b">ill.</subfield></datafield><datafield ind1=" " ind2=" " tag="310"><subfield code="a">Weekly</subfield></datafield><datafield ind1="0" ind2=" " tag="362"><subfield code="a">Vol. 36, no. 13 (Jan. 27, 1916)-v. 37, no. 2 (Nov. 9, 1916).</subfield></datafield><datafield ind1=" " ind2=" " tag="500"><subfield code="a">Official paper of Union County.</subfield></datafield><datafield ind1=" " ind2=" " tag="500"><subfield code="a">Editor: Paul S. Junkin.</subfield></datafield><datafield ind1=" " ind2=" " tag="515"><subfield code="a">Vol. 36, no. 21 omitted in numbering; v. 36, no. 22 repeated in numbering, Mar. 23 and 30, 1916.</subfield></datafield><datafield ind1=" " ind2=" " tag="752"><subfield code="a">United States</subfield><subfield code="b">Iowa</subfield><subfield code="c">Union</subfield><subfield code="d">Creston.</subfield></datafield><datafield ind1="0" ind2=" " tag="775"><subfield code="t">Creston daily advertiser gazette (Creston, Iowa : 1913)</subfield><subfield code="w">(DLC)sn 86060058</subfield></datafield><datafield ind1="0" ind2="0" tag="780"><subfield code="t">Creston weekly advertiser gazette (Creston, Iowa : 1911)</subfield><subfield code="w">(DLC)sn 86060118</subfield></datafield><datafield ind1="0" ind2="0" tag="785"><subfield code="t">Creston weekly advertiser gazette (Creston, Iowa : 1916)</subfield><subfield code="w">(DLC)sn 86060068</subfield></datafield><datafield ind1="1" ind2=" " tag="029"><subfield code="a">AU@</subfield><subfield code="b">000025808478</subfield></datafield></record>